@Book{FuellCellSystems,
    author =	 {James Larmine and Andrew L. Dicks},
    title = 	 {Fuel Cell
 Systems Explained, 2nd Edition},
    publisher = 	 {John Wiley and Sons},
    year = 	 2003
}

@Unpublished{BasicElectrochemistry,
    author = {Hugh Middleton},
    title = {Basic Electrochemistry},
    addendum = "(accessed: 12.03.2019)",
    note = {Downloaded from Canvas}
}

@misc{FuelCell,
    title={Fuel Cells: Collecting History on the World Wide Web},
    url={https://americanhistory.si.edu/fuelcells/intro.htm},
    journal={Americanhistory.si.edu},
    author={Shelley Sperry and others}
}

@misc{FuelCellHistory,
    organization = {Fuel Cell Today},
    titel={Fuelcelltoday.com},
    url={http://www.fuelcelltoday.com/history},
    urldate = {2019-03-23},
}

@mastersthesis{MasterFuelCell,
    author = {Magnus Hanseth and Ole Kristian Oftebro},
    title = {PEM Fuel Cell System},
    subtitle = {A practical approach for building, testing and controlling a self designed PEMFC stack},
    institution = {University of Agder},
    date = {2017-05-19},
}

@misc{FuelCellStore,
    url={https://www.fuelcellstore.com/fuel-cell-components/membranes},
    year={2019},
    organization = {Fuel Cell Store},
    urldate = {2019-04-01}
}

@misc{Ultimaker2go,
    edition={1},
    url={https://ultimaker.com/download/5137/Factsheet-UM2Extended-v1.2.pdf},
    publisher={Ultimaker},
    pages={2},
    urldate = {2019-03-12},
    organization = {Ultimaker},
    title = {Ultimaker 2 Go Factsheet}
}

@misc{Ultimaker2+,
    url = {https://ultimaker.com/en/products/ultimaker-2-plus/specifications},
    title = {UM180903 Ultimaker 2+ specification sheet RB V10},
    organisation = {Ultimaker},
    pages = {2},
    urldate = {2019-03-18},
}

@misc{PLA,
    url = {https://www.enrgtech.co.uk/buy/download_file/ET16744222/rs-pro-datasheet-95faf41b},
    urldate = {2019-03-12},
    organization = {RS Pro},
    pages = {1},
    title = {Product datasheet - PLA},
}

@misc{PemLectue,
    title ={ENE 228, PEM lecture},
    author ={Middleton, Peter Hugh},
    date = {2019-03-11},
    organization = {University of Agder},
}

@misc{Watermanagement,
    url={https://www.fuelcellstore.com/blog-section/water-management-pem-fuel-cells},
    year={2019},
    organization = {Fuel Cell Store},
    urldate = {2019-04-05}
}


%%%%%% DETTE ER EKSEMPLER PÃ… KILDER %%%%%%%%%%%%%%%%%%%%%%%

%Lecture

% @misc{Cunha13,
%   author        = {Jo{\~a}o Cunha},
%   title         = {Lecture notes in Computer Assisted Diagnosis},
%   month         = {February},
%   year          = {2013},
%   publisher={Faculdade de Engenharia da Universidade do Porto}
% }



% @Article{Hallingstad1980,
%   author = 	 {Oddvar Hallingstad},
%   title = 	 {Estimation of Synchronous Machine Parameters},
%   journal = 	 {Modeling, Identification and Control},
%   year = 	 1980,
%   volume =	 1,
%   number =	 1,
%   pages =	 {1--15},
%   doi = 	 {10.4173/mic.1980.1.1}
% }


% @InProceedings{Hovd92,
%   author = 	 {Morten Hovd and Sigurd Skogestad},
%   title = 	 {Robust Control of Systems Consisting of Symmetrically Interconnected Systems},
%   booktitle =	 {Proc. American Control Conference},
%   pages =	 {3021--3025},
%   year =	 1992,
%   address =	 {Chicago, Illinois, USA}
% }

% @InCollection{Hovd00,
%   author = 	 {Morten Hovd and Sigurd Skogestad},
%   title = 	 {Techniques in the Control of Interconnected Plants},
%   booktitle = 	 {Mechatronic Systems Techniques and Applications. Vol. 5: Diagnostic, Reliability and Control Systems Techniques},
%   pages =	 {139--200},
%   publisher =	 {Gordon and Breach Science Publishers},
%   year =	 2000,
%   editor =	 {C. T. Leondes}
% }

% @Book{Balchen88,
%   author =	 {Jens G. Balchen and Kenneth I. Mumm{\'e}},
%   title = 	 {Process Control -- Structures and Applications},
%   publisher = 	 {van Nostrand Reinhold},
%   year = 	 1988
% }

% @article{einstein,
%     author = "Albert Einstein",
%     title = "{Zur Elektrodynamik bewegter K{\"o}rper}. ({German})
%     [{On} the electrodynamics of moving bodies]",
%     journal = "Annalen der Physik",
%     volume = "322",
%     number = "10",
%     pages = "891--921",
%     year = "1905",
%     DOI = "http://dx.doi.org/10.1002/andp.19053221004",
%     keywords = "physics"
% }
 
% @book{dirac,
%     title = {The Principles of Quantum Mechanics},
%     author = {Paul Adrien Maurice Dirac},
%     isbn = {9780198520115},
%     series = {International series of monographs on physics},
%     year = {1981},
%     publisher = {Clarendon Press},
%     keywords = {physics}
% }
 
% @online{knuthwebsite,
%     author = "Donald Knuth",
%     title = "Knuth: Computers and Typesetting",
%     url  = "http://www-cs-faculty.stanford.edu/~uno/abcde.html",
%     addendum = "(accessed: 01.09.2016)",
%     keywords = "latex,knuth"
% }
 
% @inbook{knuth-fa,
%     author = "Donald E. Knuth",
%     title = "Fundamental Algorithms",
%     publisher = "Addison-Wesley",
%     year = "1973",
%     chapter = "1.2",
%     keywords  = "knuth,programming"
% }
